<record><leader>00000cas a22000007a 4500</leader><controlfield tag="001">16632674</controlfield><controlfield tag="008">870902d19021904ohudr ne      0    0eng d</controlfield><datafield ind1=" " ind2=" " tag="010"><subfield code="a">sn 87076521 </subfield></datafield><datafield ind1=" " ind2=" " tag="040"><subfield code="a">ONP</subfield><subfield code="b">eng</subfield><subfield code="c">ONP</subfield><subfield code="d">OCLCQ</subfield></datafield><datafield ind1=" " ind2=" " tag="042"><subfield code="a">msc</subfield></datafield><datafield ind1="0" ind2="0" tag="245"><subfield code="a">Sandusky evening star.</subfield></datafield><datafield ind1=" " ind2=" " tag="260"><subfield code="a">Sandusky, O. [Ohio] :</subfield><subfield code="b">Alvord-Peters Co.,</subfield><subfield code="c">1902-1904.</subfield></datafield><datafield ind1=" " ind2=" " tag="310"><subfield code="a">Daily</subfield></datafield><datafield ind1="0" ind2=" " tag="362"><subfield code="a">5th year, no. 246 (Dec. 20, 1902)-7th year, no. 238 (Dec. 24, 1904).</subfield></datafield><datafield ind1=" " ind2=" " tag="752"><subfield code="a">United States</subfield><subfield code="b">Ohio</subfield><subfield code="c">Erie</subfield><subfield code="d">Sandusky.</subfield></datafield><datafield ind1="0" ind2=" " tag="775"><subfield code="t">Sandusky weekly star</subfield><subfield code="w">(DLC)sn 87076517</subfield></datafield><datafield ind1="0" ind2="0" tag="780"><subfield code="t">Sandusky daily star</subfield><subfield code="w">(DLC)sn 87076520</subfield></datafield><datafield ind1="0" ind2="7" tag="785"><subfield code="t">Sandusky evening journal</subfield><subfield code="w">(DLC)sn 84028056</subfield></datafield><datafield ind1="0" ind2="7" tag="785"><subfield code="t">Sandusky star-journal and local</subfield><subfield code="w">(DLC)sn 87076522</subfield></datafield></record>